<?xml version="1.0" encoding="UTF-8"?><collection xmlns="http://www.loc.gov/MARC21/slim"><record><leader>00563nam--2200181-i-4500</leader><controlfield tag="001">000036343</controlfield><controlfield tag="002">20161230</controlfield><controlfield tag="005">20161230201040</controlfield><controlfield tag="008">060222s1000------------r-----000-0-eng-d</controlfield><datafield ind1=" " ind2=" " tag="040"><subfield code="a">IFIN-HH</subfield></datafield><datafield ind1=" " ind2=" " tag="080"><subfield code="a">535.43:537.531</subfield></datafield><datafield ind1="1" ind2=" " tag="100"><subfield code="a">Pirenne, M.H</subfield></datafield><datafield ind1="1" ind2="0" tag="245"><subfield code="a">The diffraction of x-rays and electrons by free molecules</subfield><subfield code="b">With a foreword by p. debye</subfield><subfield code="c">M.h. pirenne</subfield></datafield><datafield ind1=" " ind2=" " tag="260"><subfield code="a">Cambridge</subfield><subfield code="b">University Press</subfield><subfield code="c">1946</subfield></datafield><datafield ind1=" " ind2=" " tag="300"><subfield code="a">XII + 160P.+ 1 F.PL</subfield></datafield><datafield ind1=" " ind2=" " tag="490"><subfield code="a">The Cambridge Series Of Physical Chemistry</subfield></datafield><datafield ind1=" " ind2=" " tag="852"><subfield code="a">1241</subfield><subfield code="c">537.531</subfield></datafield><datafield ind1=" " ind2=" " tag="CAT"><subfield code="a">Sys</subfield><subfield code="c">20110805</subfield><subfield code="h">130616</subfield></datafield></record></collection>